%Referencia de B
@book{Abrial-1996,
 author = {Abrial, J.-R.},
 title = {The B-book: Assigning Programs to Meanings},
 year = {1996},
 isbn = {0-521-49619-5},
 publisher = {Cambridge University Press},
 address = {New York, NY, USA}
} 

% Referência de B e BETA
@mastersthesis{BETA-2015,
author = {João Batista de Souza Neto},
title = {Um estudo empírico sobre geração de testes
com BETA: avaliação e aperfeiçoamento},
school = {UFRN},
year = {2015}
}

%Tutorial de SMT-LIB, de onde veio o exemplo de SMT-LIB
@misc{Tutorial-SMT,
author = {David R. Cok},
title = {The SMT-LIBv2 Language and Tools: A Tutorial},
month = {11},
year = {2013},
}

